@article{wang15,
   author = {Z[] Wang and T[] Hegazy and Z[] Long and G[] AlRegib},
   journal = {Geophysics},
   issue = {06},
   pages = {WD101-WD116},
   publisher = {Society of Exploration Geophysics},
   title = {{Noise-robust detection and tracking of salt domes in postmigrated volumes using texture, tensor and subspace leaning}},
   volume = {80},
   year = {2015}
}
@article{wu16,
   author = {X[] Wu},
   journal = {Geophysics},
   issue = {06},
   pages = {IM119-IM126},
   publisher = {Society of Exploration Geophysics},
   title = {{Methods to compute salt likelihoods and extract salt boundaries from 3D seismic images}},
   volume = {81},
   year = {2016}
}
@article{hornik89,
   author = {K[] Hornick and M[] Stinchcombe and H[] White},
   journal = {Neural Networks},
   issue = {5},
   pages = {359-366},
   title = {{Multilayer feedforward networks are universal approximators}},
   volume = {2},
   year = {1989}
}
@article{roth94,
   author = {G[] R\"{o}th and A[] Tarantola},
   journal = {Journal of Geophysical Research},
   issue = {B4},
   pages = {6753-6769},
   title = {{Neural networks and inversion of seismic data}},
   volume = {99},
   year = {1994}
}

@article{nath99,
   author = {S[] K[] Nath and S[] Chakroborty and S[] K[] Singh and N[] Ganguly},
   journal = {Geophysical Journal International},
   issue = {01},
   pages = {108-124},
   title = {{Velocity inversion in cross-hole seismic tomography by counterpropagation neural network, genetic algorithm and evolutionary programming techniques}},
   volume = {138},
   year = {1999}
}

@article{jia17,
   author = {Y[] Jia and J[] Ma},
   journal = {Geophysics},
   issue = {03},
   pages = {V163-V177},
   publisher = {Society of Exploration Geophysics},
   title = {{What can machine learning do for seismic data processing? An interpolation application}},
   volume = {82},
   year = {2017}
}
@article{ronneberger15,
   author = {O[] Ronneberger and P[] Fischer and T[] Brox},
   pages = {arXiv:1505.0459v1},
   title = {{U-Net: Convolutional Networks for Biomedical Image Segmentation}},
   year = {2015}
}
@article{long15,
   author = {J[] Long and E[] Shelhamer and T[] Darrell},
   pages = {arXiv:1411.4038},
   title = {{Fully Convolutional Models for Smantic Segmentation}},
   year = {2015}
}
@article{tarantola84,
   author = {A[] Tarantola},
   journal = {Geophysics},
   pages = {1259-1266},
   publisher = {Society of Exploration Geophysics},
   title = {{Inversion of seismic reflecton data in the acoustic approximation}},
   volume = {49},
   year = {1984}
}
@article{lomask07,
   author = {J[] Lomask and R[] G[] Clapp and B[] Biondi},
   journal = {Geophysics},
   issue = {04},
   pages = {P47-P56},
   publisher = {Society of Exploration Geophysics},
   title = {{Application of image segmentation to tracking 3D salt boundaries}},
   volume = {72},
   year = {2007}
}
@article{lim05,
   author = {J[] S[] Lim},
   journal = {Journal of Petroleum Science and Engineering},
   pages = {182-192},
   title = {{Reservoir properties determination using fuzzy logic and neural networks from well data in offshore Korea}},
   volume = {49},
   year = {2005}
}
@article{komatitsch07,
   author = {D[] Komatitsch and R[] Martin},
   journal = {Geophysics},
   issue = {5},
   pages = {SM155-SM167},
   publisher = {Society of Exploration Geophysics},
   title = {An unsplit convolutional perfectly matched layer improved at grazing incidence for the seismic wave equation},
   volume = {72},
   year = {2007}
}
@article{mcmec83,
   author = {G[] A[] McMechan},
   journal = {Geophysical Prospecting},
   pages = {413-420},
   title = {{Migration by extrapolation of time-dependent boundary values}},
   volume = {31},
   issue = {03},
   year = {1983}
}
@article{ramirez16,
   author = {C[] Ramirez and G[] Larrazabal and G[] Gonzalez},
   journal = {Geophysical Prospecting},
   pages = {335-347},
   publisher = {Society of Exploration Geophysics},
   title = {{Salt body detection from seismic data via sparse representation}},
   volume = {64},
   year = {2016}
}
@article{zhao15,
   author = {T[] Zhao and V[] Jayaram and K[] J[] Marfurt},
   journal = {Interpretation},
   pages = {SAE29-SAE58},
   publisher = {Society of Exploration Geophysics},
   title = {{A comparison of classification techniques for seismic facies recognition}},
   volume = {3},
   year = {2015}
}
@article{araya18,
   author = {M[] Araya-Polo and J[] Jennings and A[] Adler and T[] Dahlke},
   journal = {The Leading Edge},
   pages = {58-66},
   publisher = {Society of Exploration Geophysics},
   title = {{Deep-learning tomography}},
   volume = {37},
   year = {2018}
}
@article{hall16,
   author = {B[] Hall},
   journal = {The Leading Edge},
   pages = {906-909},
   publisher = {Society of Exploration Geophysics},
   title = {{Facies classification using machine learning}},
   volume = {35},
   year = {2016}
}
@article{zeng04,
   author = {H[] Zeng},
   journal = {The Leading Edge},
   pages = {644-688},
   publisher = {Society of Exploration Geophysics},
   title = {{Seismic geomorphology-based classification}},
   volume = {23},
   year = {2004}
}
@article{halpert14,
   author = {A[] D[] Halpert and R[] G[] Clapp and B[] Biondi},
   journal = {Interpretation},
   pages = {T79-T88},
   publisher = {Society of Exploration Geophysics},
   title = {{Salt delineation via intrepreter-guided 3D seismic image segmentation}},
   volume = {2},
   year = {2014}
}
@Book{aki80,
   author = {K[] Aki and P[] G[] Richards},
   title = {Quantitative seismology, theory and methods},
   publisher = {W. H. Freeman and Co},
   year = {1980}
}

@inproceedings{wenlong18_salt,
   author = {W[] Wang and F[] Yang and J[] Ma},
   booktitle = {Extended Abstracts},
   meeting={80th Annual International Conference and Exhibition},
   pages = {submitted},
   publisher = {EAGE},
   title = {{Automatic salt detection with machine learning}},
   year = {2018}
}
@inproceedings{zhang14,
   author = {C[] Zhang and C[] Frogner and M[] Araya-Polo and D[] Hohl},
   booktitle = {Extended Abstracts},
   meeting={76th Annual International Conference and Exhibition},
   pages = {807-811},
   publisher = {EAGE},
   title = {{Machine-learning based automated fault detection in seismic traces}},
   year = {2014}
}
@inproceedings{jing07,
   author = {J[] Zhou and Y[] Zhang and Z[] Chen and J[] Li},
   booktitle = {Expanded Abstracts},
   meeting={77th Annual International Meeting},
   pages = {1392-1396},
   publisher = {SEG},
   title = {{Detecting boundary of salt dome in seismic data with edge-detection technique}},
   year = {2007}
}
@article{berthelot13,
   author = {A[] Berthelot and A[] H[] Solberg and L[] J[] Gelius},
   journal = {Journal of Applied Geophysics},
   pages = {52-69},
   title = {{Texture attributes for detection of salt}},
   volume = {88},
   year = {2013}
}
@inproceedings{Androutsopoulos00,
   author = {I[] Androutsopoulos and G[] Paliouras and V[] Karkaletsis and G[] Sakkis and C[] D[] Spyropoulos and P[] Stamatopoulos},
   booktitle = {Proceedings of the Workshop on Machine Learning and Textual Information Access},
   pages = {1-13},
   publisher = {4th European Conference on Principles and Practice of Knowledge Discovery in Databases},
   title = {{ Learning to filter spam e-mail: A comparison of a naive Bayesian and a memory-based approach}},
   year = {1994}
}
@article{Bobadilla13,
   author = {J[] Bobadilla and F[] Ortega and A[] Hernando and A[] Gutierrez},
   journal = {Knowledge-Based Systems},
   pages = {109-132},
   title = {Recommender systems survey},
   volume = {46},
   year = {2013}
}
@article{Ravisankar11,
   author = {P[] Ravisankar and V[] Ravi and G[] R[] Rao and I[] Bose},
   journal = {Decision Support Systems},
   pages = {491â€“500},
   publisher = {Society of Exploration Geophysics},
   title = {Detection of financial statement fraud and feature selection using data mining techniques},
   volume = {50},
   year = {2011}
}
